@Article{Lei:12651:2012,
author          =       {Brasil},
title           = 	{Lei no 12.651},
journal         = 	{Diário Oficial [da] República Federativa do Brasil},
year	        = 	{2012},
date            = 	{2012-05-28},
organization    = 	{Brasil},
issn            =	{1677-7042},
url             = 			{http://www.planalto.gov.br/ccivil_03/_Ato2011-2014/2012/Lei/L12651.htm},
urldate         = 		{2020-09-05},
address         = 	{Brasília, DF},
shorttitle      = 	{Lei no 12.651/2012},
timestamp       = 	{2018-07-28}
}


@Article{Res:2099:1994,
author = 		{CMN},
title = 		{Resolução no 2.099},
journal = 		{Diário Oficial da República Federativa do Brasil},
year	= 		{1994},
date = 		        {1994-08-17},
organization = 	        {Brasil},
issn =		        {},
url = 			{https://www.bcb.gov.br/pre/normativos/res/1994/pdf/res_2099_v1_O.pdf},
urldate = 		{2020-09-04},
address = 	        {Brasília DF},
shorttitle   = 	        {Resolução CMN no 2.099/1994},
timestamp    = 	        {}
}

@Article{Res:2624:1999,
author = 		{CMN},
title = 		{Resolução CMN 2.624, de 1999},
journal = 		{Diário Oficial da República Federativa do Brasil},
year	= 		{1999},
date = 		        {1999-07-29},
organization = 	        {Brasil},
issn =		        {},
url = 			{https://www.bcb.gov.br/pre/normativos/busca/downloadNormativo.asp?arquivo=/Lists/Normativos/Attachments/45083/Res_2624_v1_O.pdf},
urldate = 		{2020-09-04},
address = 	        {Brasília, DF},
shorttitle   = 	        {Resolução CMN 2.624, de 1999},
timestamp    = 	        {}
}

@Article{Res:394:1976,
author = 		{CMN},
title = 		{Resolução CMN 394, de 1976},
journal = 		{Diário Oficial da República Federativa do Brasil},
year	= 		{1976},
date = 		        {1976-10-20},
organization = 	        {Brasil},
issn =		        {},
url = 			{https://www.bcb.gov.br/pre/normativos/res/1976/pdf/res_0394_v13_P.pdf},
urldate = 		{2020-09-04},
address = 	        {Brasília, DF},
shorttitle   = 	        {Resolução CMN 394, de 1976},
timestamp    = 	        {}
}

@Article{Res:3426:2006,
author = 		{CMN},
title = 		{Resolução CMN 3.426, de 2006},
journal = 		{Diário Oficial da República Federativa do Brasil},
year	= 		{},
date = 		        {2006-12-26},
organization = 	        {Brasil},
issn =		        {},
url = 			{https://www.bcb.gov.br/pre/normativos/res/1976/pdf/res_0394_v13_P.pdf},
urldate = 		{2020-09-04},
address = 	        {Brasília, DF},
shorttitle   = 	        {Resolução CMN 3.426, de 2006},
timestamp    = 	        {}
}

@Article{DL:759:1969,
author = 		{Brasil},
title = 		{DECRETO-LEI No 759, DE 12 DE AGOSTO DE 1969.},
journal = 		{Diário Oficial da República Federativa do Brasil},
year	= 		{},
date = 		        {1969-08-12},
organization = 	        {Brasil},
issn =		        {},
url = 			{http://www.planalto.gov.br/ccivil_03/decreto-lei/del0759.htm},
urldate = 		{2020-09-04},
address = 	        {Brasília, DF},
shorttitle   = 	        {DECRETO-LEI No 759, DE 12 DE AGOSTO DE 1969.},
timestamp    = 	        {}
}

@book{camargo:2009,
author      =           {Patrícia Olga Camargo},
title       =	        {A evolução recente do setor bancário no Brasik}, 
edition     = 	        {},
publisher   = 	        {Cultura Acadêmica},
address     = 	        {São Paulo},
year        = 	        {2009} 
}

@techreport{BCB:2000,
author          =       {BACEN},
title           =	{Juros e Spread Bancário no Brasil}, 
series          = 	{},
volume          = 	{},
url             =       {https://www.bcb.gov.br/ftp/jurospread112000.pdf},
publisher       = 	{Banco Central do Brasil}, 
address         =       {Brasília},
year            =	{2000}
}


@techreport{BCB:2016,
author          =       {BACEN},
title           =	{Juros e Spread Bancário}, 
series          = 	{},
volume          = 	{},
url             =       {},
publisher       = 	{Banco Central do Brasil}, 
address         =       {Brasília},
year            =	{2016}
}

@book{WB:2005,
author          = 	{WORLD BANK; IMF},
title           =	{Financial sector Assessment: a handbook}, 
edition         = 	{},
volume          =       {},
url             =       {http://documents1.worldbank.org/curated/en/306701468337879923/pdf/337970rev0Fina10Assessment01PUBLIC1.pdf},
publisher       = 	{The World Bank},
address         = 	{Washington DCo},
year            = 	{2005} 
}


@Article{kunt:1999,
author          = 	{Ash Demirgüç-Kunt and Harry Huizingaga},
title           =       {Determinants of commercial bank interest margins and profitability: some international evidence},
journal         =       {The World Bank Economic Review},
year	        =       {1999},
date            =       {1999-05-01},
organization    =       {},
issn            =       {},
url             =       {https://citeseerx.ist.psu.edu/viewdoc/download?doi=10.1.1.194.3108&rep=rep1&type=pdf},
urldate         =       {2020-09-08},
volume          =       {13},
address         =       {},
shorttitle      =       {},
timestamp       =       {},
pages           =       {379–408}
}

@article{costa;nakane:2004,
title           = {Spread bancário no Brasil: dois esclarecimentos e duas constatações},
author          = {Costa, Ana Carla Abrão and Nakane, Márcio I.},
year            = {2004},
journal         = {Tecnologia de Crédito}
}

@article{durigan:2018,
title           = {Fatores macroeconômicos, indicadores industriais e o spread bancário no Brasil},
author          = {Durigan, Junior and Carlos Alberto and Saito, André Taue and Bergmann and Daniel Reed and Fouto and Nuno Manoel Martins Dias},
year            = {2018},
doi             = {10.5007/2175-8077.2018v20n51p26},
journal         = {Revista de Ciências da Administração - RCA}
}

@masterthesis{leal:2006,
author          = 	{Rodrigo Mendes Leal},
title           = 	{Estrutura e determinantes do spread bancário no Brasil:uma resenha comparativa da literatura empírica}, 
publisher       = 	{Universidade do Estado do Rio de Janeiro}, 
address         = 	{Rio de Janeiro},
year            =       {2006}
}

@ARTICLE{block:2000,
title   = {Understanding the behavior of bank spreads in Latin America},
author  = {Brock, Philip L. and Rojas Suarez, Liliana},
year    = {2000},
journal = {Journal of Development Economics},
volume  = {63},
number  = {1},
pages   = {113-134},
url     = {https://EconPapers.repec.org/RePEc:eee:deveco:v:63:y:2000:i:1:p:113-134}
}

@article{levine:1997,
 ISSN = {00220515},
 URL = {http://www.jstor.org/stable/2729790},
 author = {Ross Levine},
 journal = {Journal of Economic Literature},
 number = {2},
 pages = {688--726},
 publisher = {American Economic Association},
 title = {Financial Development and Economic Growth: Views and Agenda},
 volume = {35},
 year = {1997}
}


@incollection{matos:2003,
author          =       {Orlando Carneiro de Matos},
title = 		{Inter-relações entre Desenvolvimento Financeiro, Exportações e Crescimento Econômico: Análise da Experiência Brasileira},
booktitle       = 	{Notas Técnicas do Banco Central do Brasil},
publisher       = 	{BCB}, 
url             =       {https://www.bcb.gov.br/content/publicacoes/notastecnicas/2003nt40Inter-relentreDesenvFinanp.pdf},
address         =       {Brasília},
year            = 	{2003},
pages           = 	{}
}


@Article{Res:1524:1988,
author          = 	{CMN},
title           = 	{Resolução Nº 1.524 de 1988},
journal         = 	{Diário Oficial da República Federativa do Brasil},
year	        = 	{1988},
date            = 	{1988-09-24},
organization    = 	{Brasil},
issn            =	{},
url             = 	{https://www.bcb.gov.br/pre/normativos/res/1988/pdf/res_1524_v8_P.pdf},
urldate         = 	{2017-02-24},
address         = 	{Brasília, DF},
shorttitle      =       {Resolução No 1.524 de 1988},
timestamp       = 	{1988-09-24}
}

@Article{constituicao:1988,
author          = 	{Brasil},
title           = 	{CONSTITUIÇÃO DA REPÚBLICA FEDERATIVA DO BRASIL DE 1988},
journal         = 	{Diário Oficial da República Federativa do Brasil},
year	        = 	{1988},
date            = 	{1988-10-05},
organization    = 	{Brasil},
issn            =	{},
url             = 	{http://www.planalto.gov.br/ccivil_03/constituicao/constituicao.htm},
urldate         = 	{2020-09-07},
address         = 	{Brasília, DF},
shorttitle      =       {CONSTITUIÇÃO DA REPÚBLICA FEDERATIVA DO BRASIL DE 1988},
timestamp       = 	{1988-10-05}
}



@Article{klein:1971,
author          = 	{Michael A Klein},
title           = 	{A Theory of the Banking Firm},
journal         = 	{Journal of Money, Credit and Banking},
year	        = 	{1971},
date            = 	{1971-05},
organization    = 	{},
volume          =       {3},
number          =       {2},
publisher       =	{Ohio State University Press},
url             = 	{http://www.jstor.org/stable/1991279},
urldate         = 	{},
address         = 	{},
shorttitle      =       {},
pages           =       {205-218},
timestamp       = 	{}
}

@ARTICLE{ho-saunders:1981,
title = {The Determinants of Bank Interest Margins: Theory and Empirical Evidence},
author = {Ho, Thomas S. Y. and Saunders, Anthony},
year = {1981},
journal = {Journal of Financial and Quantitative Analysis},
volume = {16},
number = {4},
pages = {581-600},
abstract = {This paper has developed a model of bank margins or spreads in which the bank is viewed as a risk-averse dealer. It was demonstrated that an interest spread or margin would always exist, and that this was the result of transactions uncertainty faced by the bank. Moreover, it was shown that this pure spread depended on four factors: the degree of managerial risk aversion; the size of transactions undertaken by the bank; bank market structure; and the variance of interest rates. The model implied that liability and asset structures had to be analyzed together since they were directly interrelated through transactions uncertainty. It was shown that because of this transactions uncertainty, hedging behavior was perfectly rational within an expected utility maximizing framework. Extending the model from a structure with one kind of loan and deposit to loans and deposits with many maturities should lead to further interesting insights into margin determination especially as â€œportfolioâ€ effects may become apparent.},
url = {https://EconPapers.repec.org/RePEc:cup:jfinqa:v:16:y:1981:i:04:p:581-600_00}
}


@article{dantas:2012,
author = 		{José A. Dantas}, 
title = 		{Determinantes do spread bancário ex post no mercado brasileiro},
journal = 		{REV. ADM. MACKENZIE},
publisher       =       {UNIVERSIDADE PRESBITERIANA MACKENZIE},
volume = 		{13},
year = 		        {2012},
number = 		{4},
pages = 		{48-74}
}

@article{oreiro-2006,
author = 		{José Luís da Costa Oreiro and Luiz Fernando de Paulo}, 
title = 		{Determinantes macroeconômicos do spread bancário no Brasil: teoria e evidência recente},
journal         = 	{Economia Aplicada},
publisher       =       {},
volume = 		{10},
year = 		        {2006},
number = 		{4},
pages = 		{609-634}
}


@Article{Lei:4595:1964,
author = 		{Brasil},
title = 		{Lei no 4.595, de 31 de dezembro de 1964.},
journal = 		{Diário Oficial da República Federativa do Brasil},
year	= 		{1964},
date = 		        {1964-12-31},
organization = 	        {Brasil},
issn =		        {},
url = 			{http://www.planalto.gov.br/ccivil_03/leis/L4595.htm},
urldate = 		{2020-09-04},
address = 	        {Brasília, DF},
shorttitle   = 	        {Lei no 4.595/2012},
timestamp    = 	        {}
}

@article{timotio:2018,
author = 		{João G. Magalhães-Timotio}, 
title = 		{RELAÇÃO ENTRE INDICADORES CONTÁBEIS E O SPREAD EX-POST DOS BANCOS BRASILEIROS},
journal         = 	{RACEF – Revista de Administração, Contabilidade e Economia da Fundace},
publisher       =       {},
volume = 		{9},
year = 		        {2018},
number = 		{2},
pages = 		{31-44}
}

@techreport{fipecafi:2005,
author          =       {Fipecafi},
title           =	{ESTUDO SOBRE A APURAÇÃO DO SPREAD DA INDÚSTRIA BANCÁRIA}, 
series          = 	{},
volume          = 	{},
url             =       {https://www.bcb.gov.br/ftp/jurospread112000.pdf},
publisher       = 	{Fipecafi}, 
address         =       {},
year            =	{2005}
}

@masterthesis{almeida:2013,
author          = 	{F. D. Almeida},
title           = 	{Determinantes do spread bancário ex-post no Brasil: uma análise de fatores micro e macroeconômic}, 
publisher       = 	{Universidade Católica de Brasíl}, 
address         =       {Brasíli},
year            =       {2013}
}


@article{aronovich:1994,
author          = 	{Selmo Aronovich}, 
title           = 	{Uma nota sobre os efeitos da inflação e do nível de atividade sobre o spread bancário},
journal         = 	{Revista Brasileira de Economia},
publisher       =       {},
volume          = 	{48},
year            = 	{1994},
number          =       {1},
pages           =       {125-40}
}

