@article{key ,
author = 		{Arthur B Cummings and David Eftekhary and Frank G House}, 
title = 		{The accurate determination of college students’ coefficients of friction},
journal = 		{Journal of Sketchy Physics}, 
volume = 		{13},
year = 		{2003},
number = 		{2},
pages = 		{46--129}
}

@book{key ,
author = 		{I J Kuss},
title =		{On the Importance of Kissing Up to Your Boss}, 
edition = 		{5},
publisher = 	{Dilbert Books},
address = 	{Cambridge MA},
year = 		{1995} 
}

@book{key ,
author = 		{L M Napster},
title = 		{Mathematical Theory of Efficient Piracy}, 
series = 		{Lecture Notes in Mathematics},
volume = 		{3204},
publisher = 	{Springer Verlag},
address = 	{New York NY},
year = 		{1998}
}

@phdthesis{key ,
author = 		{O P Qwerty},
title = 		{History of the Goofy Layout of Keyboards}, 
publisher = 	{Podunk University Arcana Department}, 
address = 	{Podunk IN},
year = 		{1996}
}

@techreport{key ,
author = 		{Robert Swearingen},
title = 		{Morpholoty and syntax of British sailors’ English}, 
series = 		{Technical Report},
volume = 		{249},
publisher = 	{Profanity Institute}, address = {New York NY},
year = 		{1985}
}


@incollection{key ,
author = 		{Tom Upsilon},
title = 		{Obscure Greek letters and their meanings in mathematics and the sciences},
editor = 		{V W Xavier},
booktitle = 	{Proceedings of the seventh international trivia conference},
publisher = 	{Last Resort Publishers}, address = {Philadelphia PA},
year = 		{1987},
pages = 		{129--158}
}

@misc{key ,
author = 		{James Tetazoo},
title = 		{A brief guide to recreational pyromania}, 
howpublished = {Available at \url{http://
www.blowinglotsofweirdstuffup.com/guide.html} (2005/06/12)} }

@unpublished{key ,
author = 		{J Mentor},
title = 		{Behavior of small animals on fire}, 
journal = 		{Nature},
note = 		{(in press)}
}

@unpublished{key ,
author = 		{J Mentor},
title = 		{Behavior of small animals on fire}, 
note = 		{Manuscript submitted for publication}, year = {2012}
}

@unpublished{key ,
author = 		{J Mentor},
title = 		{Behavior of small animals on fire}, 	
note = 		{Unpublished Manuscript},
year = 		{2012}
}

@misc{key ,
author = 		{Sigmund Freud},
month = 		{July},
year = 		{2012},
howpublished = {Personal conversation}
}

%%% Law

@Article{Lei:12651:2012,
author = 		{Brasil},
title = 		{Lei nº 12.651, de 25 de maio de 2012. Dispõe sobre a proteção da vegetação nativa; altera as Leis nº 6.938, de 31 de agosto de 1981, 9.393, de 19 de dezembro de 1996, e 11.428, de 22 de dezembro de 2006; revoga as leis nº 4.771, de 15 de setembro de 1965, e 7.754, de 14 de abril de 1989, e a Medida Provisória nº 2.166-67, de 24 de agosto de 2001; e dá outras providências},
journal = 		{Diário Oficial [da] República Federativa do Brasil},
year	= 		{2012},
date = 		{2012-05-28},
organization = 	{Brasil},
issn =		{1677-7042},
url = 			{http://www.planalto.gov.br/ccivil_03/_Ato2011-2014/2012/Lei/L12651.htm},
urldate = 		{2017-02-24},
address = 	{Brasília, DF},
shorttitle   = 	{Lei nº 12.651/2012},
timestamp    = 	{2018-07-28},
}

