@Article{Lei:12651:2012,
author          =       {Brasil},
title           = 	{Lei no 12.651},
journal         = 	{Diário Oficial [da] República Federativa do Brasil},
year	        = 	{2012},
date            = 	{2012-05-28},
organization    = 	{Brasil},
issn            =	{1677-7042},
url             = 			{http://www.planalto.gov.br/ccivil_03/_Ato2011-2014/2012/Lei/L12651.html},
urldate         = 		{2020-09-05},
address         = 	{Brasília, DF},
shorttitle      = 	{Lei no 12.651/2012},
timestamp       = 	{2018-07-28}
}


@Article{Lei:1455:1905,
author          =       {Brasil},
title           = 	{DECRETO Nº 1.455},
journal         = 	{Diário Oficial da República Federativa do Brasil},
year	        = 	{1905},
date            = 	{2012-12-30},
organization    = 	{Brasil},
issn            =	{},
url             = 			{https://www2.camara.leg.br/legin/fed/decret/1900-1909/decreto-1455-30-dezembro-1905-582773-publicacaooriginal-105568-pl.html},
urldate         = 		{2020-09-05},
address         = 	{Brasília, DF},
shorttitle      = 	{DECRETO Nº 1.455 de 30/12/1905},
timestamp       = 	{2018-07-28}
}

@Article{Res:2099:1994,
author = 		{CMN},
title = 		{Resolução no 2.099},
journal = 		{Diário Oficial da República Federativa do Brasil},
year	= 		{1994},
date = 		        {1994-08-17},
organization = 	        {Brasil},
issn =		        {},
url = 			{https://www.bcb.gov.br/pre/normativos/res/1994/pdf/res_2099_v1_O.pdf},
urldate = 		{2020-09-04},
address = 	        {Brasília DF},
shorttitle   = 	        {Resolução CMN no 2.099/1994},
timestamp    = 	        {}
}

@Article{Res:2624:1999,
author = 		{CMN},
title = 		{Resolução CMN 2.624, de 1999},
journal = 		{Diário Oficial da República Federativa do Brasil},
year	= 		{1999},
date = 		        {1999-07-29},
organization = 	        {Brasil},
issn =		        {},
url = 			{https://www.bcb.gov.br/pre/normativos/busca/downloadNormativo.asp?arquivo=/Lists/Normativos/Attachments/45083/Res_2624_v1_O.pdf},
urldate = 		{2020-09-04},
address = 	        {Brasília, DF},
shorttitle   = 	        {Resolução CMN 2.624, de 1999},
timestamp    = 	        {}
}

@Article{Res:394:1976,
author = 		{CMN},
title = 		{Resolução CMN 394, de 1976},
journal = 		{Diário Oficial da República Federativa do Brasil},
year	= 		{1976},
date = 		        {1976-10-20},
organization = 	        {Brasil},
issn =		        {},
url = 			{https://www.bcb.gov.br/pre/normativos/res/1976/pdf/res_0394_v13_P.pdf},
urldate = 		{2020-09-04},
address = 	        {Brasília, DF},
shorttitle   = 	        {Resolução CMN 394, de 1976},
timestamp    = 	        {}
}

@Article{Res:3426:2006,
author = 		{CMN},
title = 		{Resolução CMN 3.426, de 2006},
journal = 		{Diário Oficial da República Federativa do Brasil},
year	= 		{},
date = 		        {2006-12-26},
organization = 	        {Brasil},
issn =		        {},
url = 			{https://www.bcb.gov.br/pre/normativos/res/1976/pdf/res_0394_v13_P.pdf},
urldate = 		{2020-09-04},
address = 	        {Brasília, DF},
shorttitle   = 	        {Resolução CMN 3.426, de 2006},
timestamp    = 	        {}
}

@Article{DL:759:1969,
author = 		{Brasil},
title = 		{DECRETO-LEI No 759, DE 12 DE AGOSTO DE 1969.},
journal = 		{Diário Oficial da República Federativa do Brasil},
year	= 		{},
date = 		        {1969-08-12},
organization = 	        {Brasil},
issn =		        {},
url = 			{http://www.planalto.gov.br/ccivil_03/decreto-lei/del0759.htm},
urldate = 		{2020-09-04},
address = 	        {Brasília, DF},
shorttitle   = 	        {DECRETO-LEI No 759, DE 12 DE AGOSTO DE 1969.},
timestamp    = 	        {}
}

@book{camargo:2009,
author      =           {Camargo, Patrícia Olga},
title       =	        {A evolução recente do setor bancário no Brasik}, 
edition     = 	        {},
publisher   = 	        {Cultura Acadêmica},
address     = 	        {São Paulo},
year        = 	        {2009} 
}

@techreport{BCB:2000,
author          =       {BACEN},
title           =	{Juros e Spread Bancário no Brasil}, 
series          = 	{},
volume          = 	{},
url             =       {https://www.bcb.gov.br/ftp/jurospread112000.pdf},
publisher       = 	{Banco Central do Brasil}, 
address         =       {Brasília},
year            =	{2000}
}


@techreport{BCB:2016,
author          =       {BACEN},
title           =	{Juros e Spread Bancário}, 
series          = 	{},
volume          = 	{},
url             =       {},
publisher       = 	{Banco Central do Brasil}, 
address         =       {Brasília},
year            =	{2016}
}

@book{WB:2005,
author          = 	{WORLD BANK and IMF},
title           =	{Financial sector Assessment: a handbook}, 
edition         = 	{},
volume          =       {},
url             =       {http://documents1.worldbank.org/curated/en/306701468337879923/pdf/337970rev0Fina10Assessment01PUBLIC1.pdf},
publisher       = 	{The World Bank},
address         = 	{Washington DCo},
year            = 	{2005} 
}


@Article{kunt:1999,
author          = 	{Ash Demirgüç-Kunt and Harry Huizingaga},
title           =       {Determinants of commercial bank interest margins and profitability: some international evidence},
journal         =       {The World Bank Economic Review},
year	        =       {1999},
date            =       {1999-05-01},
organization    =       {},
issn            =       {},
url             =       {https://citeseerx.ist.psu.edu/viewdoc/download?doi=10.1.1.194.3108&rep=rep1&type=pdf},
urldate         =       {2020-09-08},
volume          =       {13},
address         =       {},
shorttitle      =       {},
timestamp       =       {},
pages           =       {379–408}
}

@article{costa;nakane:2004,
title           = {Spread bancário no Brasil: dois esclarecimentos e duas constatações},
author          = {Costa, Ana Carla Abrão and Nakane, Márcio I.},
year            = {2004},
journal         = {Tecnologia de Crédito}
}

@article{durigan:2018,
title           = {Fatores macroeconômicos, indicadores industriais e o spread bancário no Brasil},
author          = {Durigan, Junior and Carlos Alberto and Saito, André Taue and Bergmann and Daniel Reed and Fouto and Nuno Manoel Martins Dias},
year            = {2018},
doi             = {10.5007/2175-8077.2018v20n51p26},
journal         = {Revista de Ciências da Administração - RCA}
}

@masterthesis{leal:2006,
author          = 	{Leal, Rodrigo Mendes},
title           = 	{Estrutura e determinantes do spread bancário no Brasil:uma resenha comparativa da literatura empírica}, 
publisher       = 	{Universidade do Estado do Rio de Janeiro}, 
address         = 	{Rio de Janeiro},
year            =       {2006}
}

@ARTICLE{block:2000,
title   = {Understanding the behavior of bank spreads in Latin America},
author  = {Brock, Philip L. and Rojas Suarez, Liliana},
year    = {2000},
journal = {Journal of Development Economics},
volume  = {63},
number  = {1},
pages   = {113-134},
url     = {https://EconPapers.repec.org/RePEc:eee:deveco:v:63:y:2000:i:1:p:113-134}
}

@article{levine:1997,
 ISSN = {00220515},
 URL = {http://www.jstor.org/stable/2729790},
 author = {Ross Levine},
 journal = {Journal of Economic Literature},
 number = {2},
 pages = {688--726},
 publisher = {American Economic Association},
 title = {Financial Development and Economic Growth: Views and Agenda},
 volume = {35},
 year = {1997}
}


@incollection{matos:2003,
author          =       {Orlando Carneiro de Matos},
title = 		{Inter-relações entre Desenvolvimento Financeiro, Exportações e Crescimento Econômico: Análise da Experiência Brasileira},
booktitle       = 	{Notas Técnicas do Banco Central do Brasil},
publisher       = 	{BCB}, 
url             =       {https://www.bcb.gov.br/content/publicacoes/notastecnicas/2003nt40Inter-relentreDesenvFinanp.pdf},
address         =       {Brasília},
year            = 	{2003},
pages           = 	{}
}


@Article{Res:1524:1988,
author          = 	{CMN},
title           = 	{Resolução Nº 1.524 de 1988},
journal         = 	{Diário Oficial da República Federativa do Brasil},
year	        = 	{1988},
date            = 	{1988-09-24},
organization    = 	{Brasil},
issn            =	{},
url             = 	{https://www.bcb.gov.br/pre/normativos/res/1988/pdf/res_1524_v8_P.pdf},
urldate         = 	{2017-02-24},
address         = 	{Brasília, DF},
shorttitle      =       {Resolução No 1.524 de 1988},
timestamp       = 	{1988-09-24}
}

@Article{constituicao:1988,
author          = 	{Brasil},
title           = 	{CONSTITUIÇÃO DA REPÚBLICA FEDERATIVA DO BRASIL DE 1988},
journal         = 	{Diário Oficial da República Federativa do Brasil},
year	        = 	{1988},
date            = 	{1988-10-05},
organization    = 	{Brasil},
issn            =	{},
url             = 	{http://www.planalto.gov.br/ccivil_03/constituicao/constituicao.htm},
urldate         = 	{2020-09-07},
address         = 	{Brasília, DF},
shorttitle      =       {CONSTITUIÇÃO DA REPÚBLICA FEDERATIVA DO BRASIL DE 1988},
timestamp       = 	{1988-10-05}
}



@Article{klein:1971,
author          = 	{Klein, Michael A.},
title           = 	{A Theory of the Banking Firm},
journal         = 	{Journal of Money, Credit and Banking},
year	        = 	{1971},
date            = 	{1971-05},
organization    = 	{},
volume          =       {3},
number          =       {2},
publisher       =	{Ohio State University Press},
url             = 	{http://www.jstor.org/stable/1991279},
urldate         = 	{},
address         = 	{},
shorttitle      =       {},
pages           =       {205-218},
timestamp       = 	{}
}

@ARTICLE{ho-saunders:1981,
title = {The Determinants of Bank Interest Margins: Theory and Empirical Evidence},
author = {Ho, Thomas S. Y. and Saunders, Anthony},
year = {1981},
journal = {Journal of Financial and Quantitative Analysis},
volume = {16},
number = {4},
pages = {581-600},
abstract = {This paper has developed a model of bank margins or spreads in which the bank is viewed as a risk-averse dealer. It was demonstrated that an interest spread or margin would always exist, and that this was the result of transactions uncertainty faced by the bank. Moreover, it was shown that this pure spread depended on four factors: the degree of managerial risk aversion; the size of transactions undertaken by the bank; bank market structure; and the variance of interest rates. The model implied that liability and asset structures had to be analyzed together since they were directly interrelated through transactions uncertainty. It was shown that because of this transactions uncertainty, hedging behavior was perfectly rational within an expected utility maximizing framework. Extending the model from a structure with one kind of loan and deposit to loans and deposits with many maturities should lead to further interesting insights into margin determination especially as â€œportfolioâ€ effects may become apparent.},
url = {https://EconPapers.repec.org/RePEc:cup:jfinqa:v:16:y:1981:i:04:p:581-600_00}
}


@article{dantas:2012,
author = 		{Dantas, José A.}, 
title = 		{Determinantes do spread bancário ex post no mercado brasileiro},
journal = 		{REV. ADM. MACKENZIE},
publisher       =       {UNIVERSIDADE PRESBITERIANA MACKENZIE},
volume = 		{13},
year = 		        {2012},
number = 		{4},
pages = 		{48-74}
}

@article{oreiro-2006,
author = 		{Oreiro, José Luís da Costa and Paulo, Luiz Fernando de}, 
title = 		{Determinantes macroeconômicos do spread bancário no Brasil: teoria e evidência recente},
journal         = 	{Economia Aplicada},
publisher       =       {},
volume = 		{10},
year = 		        {2006},
number = 		{4},
pages = 		{609-634}
}


@article{Lei:4595:1964,
author = 		{Brasil},
title = 		{Lei no 4.595, de 31 de dezembro de 1964.},
journal = 		{Diário Oficial da República Federativa do Brasil},
year	= 		{1964},
date = 		        {1964-12-31},
organization = 	        {Brasil},
issn =		        {},
url = 			{http://www.planalto.gov.br/ccivil_03/leis/L4595.htm},
urldate = 		{2020-09-04},
address = 	        {Brasília, DF},
shorttitle   = 	        {Lei no 4.595/2012},
timestamp    = 	        {}
}

@article{timotio:2018,
author = 		{Magalhães-Timotio, João G.}, 
title = 		{RELAÇÃO ENTRE INDICADORES CONTÁBEIS E O SPREAD EX-POST DOS BANCOS BRASILEIROS},
journal         = 	{RACEF – Revista de Administração, Contabilidade e Economia da Fundace},
publisher       =       {},
volume = 		{9},
year = 		        {2018},
number = 		{2},
pages = 		{31-44}
}

@techreport{fipecafi:2005,
author          =       {Fipecafi},
title           =	{ESTUDO SOBRE A APURAÇÃO DO SPREAD DA INDÚSTRIA BANCÁRIA}, 
series          = 	{},
volume          = 	{},
url             =       {https://www.bcb.gov.br/ftp/jurospread112000.pdf},
publisher       = 	{Fipecafi}, 
address         =       {},
year            =	{2005}
}

@masterthesis{almeida:2013,
author          = 	{Almeida, F. D.},
title           = 	{Determinantes do spread bancário ex-post no Brasil: uma análise de fatores micro e macroeconômic}, 
publisher       = 	{Universidade Católica de Brasíl}, 
address         =       {Brasíli},
year            =       {2013}
}


@article{aronovich:1994,
author          = 	{Aronovich, Selmo}, 
title           = 	{Uma nota sobre os efeitos da inflação e do nível de atividade sobre o spread bancário},
journal         = 	{Revista Brasileira de Economia},
publisher       =       {},
volume          = 	{48},
year            = 	{1994},
number          =       {1},
pages           =       {125-40}
}


@article{rover:2011,
author          = 	{Rover, Suliani and Tomazzia, Eduardo Cardeal and Fáver, Luiz Paulo}, 
title           = 	{Determinantes Econômico-Financeiros e Macroeconômicos da Rentabilidade: Evidências Empíricas do Setor Bancário Brasileo},
journal         = 	{Revista Brasileira de Economia},
publisher       =       {XXXV Encontro da ANPAD},
volume          = 	{},
year            = 	{2011},
number          =       {},
pages           =       {}
}


@book{brealey:2018,
author          = 	{Brealey, Ricahard A. and Myers, Stewart C. and Allen, Franklin},
title           =	{Princípios de Finanças Corporativas}, 
edition         = 	{},
volume          =       {},
url             =       {},
publisher       = 	{bookman},
address         = 	{Porto Alegre},
year            = 	{2018} 
}


@book{assaf:2020,
author          = 	{Assaf Neto, Alexandre},
title           =	{Finanças corporativas e valor}, 
edition         = 	{},
volume          =       {},
url             =       {},
publisher       = 	{Atlas},
address         = 	{São Paulo},
year            = 	{2020} 
}


@book{hill:2010,
author          = 	{Hill, R. Carter},
title           =	{Economertia}, 
edition         = 	{3},
volume          =       {},
url             =       {},
publisher       = 	{Saraiva},
address         = 	{São Paulo},
year            = 	{2010}
}

@book{gareth:2017,
author          = 	{James, Gareth and Witten, Daniela and Hastie, Trevor and  Tibshirani, Robert},
title           =	{An Introduction to Statistical Learning}, 
edition         = 	{8},
volume          =       {},
url             =       {},
publisher       = 	{Springer},
address         = 	{New York},
year            = 	{2017} 
}

@techreport{bcb:2019,
author          =       {BACEN},
title           =	{Programação Monerária 2019}, 
series          = 	{},
volume          = 	{},
url             =       {https://www.bcb.gov.br/content/publicacoes/programacaomonetaria/pm-022019p.pdf},
publisher       = 	{Banco Central do Brasil}, 
address         =       {},
year            =	{2019}
}


@book{vasconcellos:2011,
author          = 	{VASCONCELLOS, Marco Antonio Sandoval de.},
title           =	{Macroeconomia}, 
edition         = 	{3},
volume          =       {},
url             =       {},
publisher       = 	{Atlas},
address         = 	{São Paulo},
year            = 	{2001} 
}


@phdthesis{leite:1996,
author          =       {Leite, J. C.},
title           =       {Tecnologia e organizações: um estudo sobre os efeitos da introdução de novas tecnologias no setor bancário brasileiro}, 
publisher       = 	{FEAC-USP}, 
address         = 	{São Paulo},
year            =       {1996}
}


@article{campello:2005,
author          = 	{Campello, Mauro Luiz Costa and Brunstein, Israel}, 
title           = 	{UMA ANÁLISE DA COMPETITIVIDADE DOS BANCOS DE VAREJO NO
BRASIL},
journal         = 	{REVISTA GESTÃO DA PRODUÇÃO OPERAÇÕES E SISTEMAS},
publisher       =       {Unesp},
volume          = 	{1},
year            = 	{2005},
number          =       {1},
pages           =       {83-99}
}


@article{neves:2007,
author          = 	{NEVES JÚNIOR, Idalberto José das and SOARES RIBEIRO, Francilanes and MENDES, Frederico}, 
title           = 	{EFICIÊNCIA OPERACIONAL: UMA ANÁLISE EXPLORATÓRIA DOS 50 MAIORES BANCOS BRASILEIROS PELO RANKING BACEN},
journal         = 	{4º Congresso USP de Iniciação Científica em Contabilidade},
publisher       =       {USP},
volume          = 	{},
year            = 	{2007},
url             =       {https://intercostos.org/documentos/apellidos/Das%20Neves%201.pdf},
number          =       {},
pages           =       {}
}

@book{graham:2012,
author          = 	{Graham, Benjamin and Meredith, Spencer B.},
title           =	{A interpretação das demonstrações financeiras}, 
edition         = 	{3},
volume          =       {},
url             =       {},
publisher       = 	{Saraiva},
address         = 	{São Paulo},
year            = 	{2012} 
}

@misc{sgs:m1,
author          =	{BACEN, SGS - Sistema Gerenciador de Séries Temporais},
month           =	{Novembro},
year            =	{2020},
howpublished    =       {Disnponível em \url{https://www3.bcb.gov.br/sgspub/consultarmetadados/consultarMetadadosSeries.do?method=consultarMetadadosSeriesInternet&hdOidSerieSelecionada=27789} Acesso em 30/11/2020}
}

@misc{sgs:bm,
author          =	{BACEN, SGS - Sistema Gerenciador de Séries Temporais},
month           =	{Novembro},
year            =	{2020},
howpublished    =       {Disponível em \url{https://www3.bcb.gov.br/sgspub/consultarmetadados/consultarMetadadosSeries.do?method=consultarMetadadosSeriesInternet} Acesso em 01/12/2020}
}


@misc{sgs:mpa,
author          =	{BACEN, SGS - Sistema Gerenciador de Séries Temporais},
month           =	{Novembro},
year            =	{2020},
howpublished    =       {Disponível em \url{https://www3.bcb.gov.br/sgspub/consultarmetadados/consultarMetadadosSeries.do?method=consultarMetadadosSeriesInternet&hdOidSerieSelecionada=27810} Acesso em 05/12/2020}
}

@Article{singh:2005,
author          = 	{Singh, Anoop and Belaisch, Agnès and Charles Collyns and Masi, Paula De and Krieger, Reva and Meredith, Guy and Rennhack, Robert},
title           = 	{Stabilization and Reform in Latin America: 
                        A Macroeconomic Perspective on the Experience 
                        Since the Early 1990s},
journal         = 	{Occasional Paper},
year	        = 	{2005},
date            = 	{2005-02},
organization    = 	{International Monetary Fund},
volume          =       {238},
number          =       {2},
publisher       =	{International Monetary Fund},
url             = 	{https://www.imf.org/external/pubs/ft/op/238/index.htm},
urldate         = 	{},
address         = 	{},
shorttitle      =       {},
pages           =       {},
timestamp       = 	{}
}

@Article{maffili:2009,
author          = 	{Maffili, Dener William and Bressan, Aureliano Angel  and  Souza, Antônio Artur da},
title           = 	{Estudo da Rentabilidade dos Bancos Brasileiros de Varejo no Período de 1999 a 2005},
journal         = 	{Contabilidade Vista e Revista},
year	        = 	{2009},
date            = 	{2009-05-12},
organization    = 	{SI},
volume          =       {238},
number          =       {2},
publisher       =	{SI},
url             = 	{Disponível em \url{https://www.imf.org/external/pubs/ft/op/238/index.htm} Acesso em: 17 fev. 2021},
urldate         = 	{},
address         = 	{},
shorttitle      =       {},
pages           =       {117-138},
timestamp       = 	{}
}

@techreport{couto:2002,
author          =       { Couto, Rodrigo Luís Rosa},
title           =	{Metodologia de avaliação da capacidade de geração de resultados de instituições financeiras}, 
series          = 	{Notas Técnicas do Banco Central do Brasil},
volume          = 	{},
url             =       {Disponível em \url{https://www.bcb.gov.br/pec/notastecnicas/port/2002nt26avalgeracaoresultp.pdf} Acesso em: 20/11/2020},
publisher       = 	{Banco Central do Brasil}, 
address         =       {},
year            =	{2002}
}

@article{souza:2014,
author          = 	{Souza, Paula Cristine dos Reis Santos}, 
title           = 	{Revisão Crítica dos Acordos da Basiléia},
journal         = 	{VI Prêmio INFI-FEBRABAN de Economia Bancária},
publisher       =       {FEBRABAN},
volume          = 	{},
year            = 	{2014},
url             =       {Disponível em \url{https://issuu.com/centrodoconhecimento/docs/paula_cristine_dos_reis_santos_souz_808ee6908b023f} Acesso em: 15/11/2020},
number          =       {},
pages           =       {}
}


@article{dick:1999,
author          = 	{Dick, Astrid}, 
title           = 	{Banking Spreads in Central America: Evolution, Structure, and Behavior},
journal         = 	{HIID Development Discussion Papers},
publisher       =       {Harvard Institute for International Development, Cambridge},
volume          = 	{},
year            = 	{1999},
url             =       {},
number          =       {},
pages           =       {}
}

@incollection{cardoso:1999,
author          =	{Cardoso, Renato Fragelli and  Koyam, Sérgio Mikioa},
title           =	{A CUNHA FISCAL SOBRE A INTERMEDIAÇÃO FINANCEIRA},
editor          =	{},
booktitle       = 	{},
publisher       =       {Banco Central do Brasil},
year            =       {1999},
howpublished    =       {Disponível em: \url{https://www.bcb.gov.br/ftp/juros-spread2.pdf} Acesso em: 20/11/2020},
pages           =       {129-158}
}


@techreport{bacen:juros:1999,
author          =       {BACEN},
title           = 	{Juros e Spread Bancário no Brasil}, 
series          =       {},
volume          = 	{},
publisher       = 	{Banco Central do Brasil},
howpublished    =       {Disponível em: \url{https://www.bcb.gov.br/ftp/juros-spread1.pdf} Acesso em: 20/11/2020},
year            = 	{1999}
}


@book{cordoba:1996,
author          = 	{Córdoba, Miguel},
title           =	{Análisis Financiero de los Mercados Monetarios y de Valores}, 
edition         = 	{},
volume          =       {},
url             =       {},
publisher       = 	{Saraiva},
address         = 	{Madrid},
year            = 	{1996} 
}